@String(PAMI = {IEEE Trans. Pattern Anal. Mach. Intell.})
@String(IJCV = {Int. J. Comput. Vis.})
@String(CVPR= {IEEE Conf. Comput. Vis. Pattern Recog.})
@String(ICCV= {Int. Conf. Comput. Vis.})
@String(ECCV= {Eur. Conf. Comput. Vis.})
@String(NIPS= {Adv. Neural Inform. Process. Syst.})
@String(ICPR = {Int. Conf. Pattern Recog.})
@String(BMVC= {Brit. Mach. Vis. Conf.})
@String(TOG= {ACM Trans. Graph.})
@String(TIP  = {IEEE Trans. Image Process.})
@String(TVCG  = {IEEE Trans. Vis. Comput. Graph.})
@String(TMM  = {IEEE Trans. Multimedia})
@String(ACMMM= {ACM Int. Conf. Multimedia})
@String(ICME = {Int. Conf. Multimedia and Expo})
@String(ICASSP=	{ICASSP})
@String(ICIP = {IEEE Int. Conf. Image Process.})
@String(ACCV  = {ACCV})
@String(ICLR = {Int. Conf. Learn. Represent.})
@String(IJCAI = {IJCAI})
@String(PR   = {Pattern Recognition})
@String(AAAI = {AAAI})
@String(CVPRW= {IEEE Conf. Comput. Vis. Pattern Recog. Worksh.})
@String(CSVT = {IEEE Trans. Circuit Syst. Video Technol.})

@String(SPL	= {IEEE Sign. Process. Letters})
@String(VR   = {Vis. Res.})
@String(JOV	 = {J. Vis.})
@String(TVC  = {The Vis. Comput.})
@String(JCST  = {J. Comput. Sci. Tech.})
@String(CGF  = {Comput. Graph. Forum})
@String(CVM = {Computational Visual Media})


@String(PAMI  = {IEEE TPAMI})
@String(IJCV  = {IJCV})
@String(CVPR  = {CVPR})
@String(ICCV  = {ICCV})
@String(ECCV  = {ECCV})
@String(NIPS  = {NeurIPS})
@String(ICPR  = {ICPR})
@String(BMVC  =	{BMVC})
@String(TOG   = {ACM TOG})
@String(TIP   = {IEEE TIP})
@String(TVCG  = {IEEE TVCG})
@String(TCSVT = {IEEE TCSVT})
@String(TMM   =	{IEEE TMM})
@String(ACMMM = {ACM MM})
@String(ICME  =	{ICME})
@String(ICASSP=	{ICASSP})
@String(ICIP  = {ICIP})
@String(ACCV  = {ACCV})
@String(ICLR  = {ICLR})
@String(IJCAI = {IJCAI})
@String(PR = {PR})
@String(AAAI = {AAAI})
@String(CVPRW= {CVPRW})
@String(CSVT = {IEEE TCSVT})



@misc{Authors14,
 author = {FirstName LastName},
 title = {The frobnicatable foo filter},
 note = {Face and Gesture submission ID 324. Supplied as supplemental material {\tt fg324.pdf}},
 year = 2014
}

@misc{Authors14b,
 author = {FirstName LastName},
 title = {Frobnication tutorial},
 note = {Supplied as supplemental material {\tt tr.pdf}},
 year = 2014
}

@article{Alpher02,
author = {FirstName Alpher},
title = {Frobnication},
journal = PAMI,
volume = 12,
number = 1,
pages = {234--778},
year = 2002
}

@article{Alpher03,
author = {FirstName Alpher and  FirstName Fotheringham-Smythe},
title = {Frobnication revisited},
journal = {Journal of Foo},
volume = 13,
number = 1,
pages = {234--778},
year = 2003
}

@article{Alpher04,
author = {FirstName Alpher and FirstName Fotheringham-Smythe and FirstName Gamow},
title = {Can a machine frobnicate?},
journal = {Journal of Foo},
volume = 14,
number = 1,
pages = {234--778},
year = 2004
}

@inproceedings{Alpher05,
author = {FirstName Alpher and FirstName Gamow},
title = {Can a computer frobnicate?},
booktitle = CVPR,
pages = {234--778},
year = 2005
}

@article{zhang2024data,
  title={Data-centric foundation models in computational healthcare: A survey},
  author={Zhang, Yunkun and Gao, Jin and Tan, Zheling and Zhou, Lingfeng and Ding, Kexin and Zhou, Mu and Zhang, Shaoting and Wang, Dequan},
  journal={arXiv preprint arXiv:2401.02458},
  year={2024}
}

@inproceedings{dmitriev2019learning,
  title={Learning multi-class segmentations from single-class datasets},
  author={Dmitriev, Konstantin and Kaufman, Arie E},
  booktitle={Proceedings of the IEEE/CVF Conference on Computer Vision and Pattern Recognition},
  pages={9501--9511},
  year={2019}
}

@inproceedings{zhou2019prior,
  title={Prior-aware neural network for partially-supervised multi-organ segmentation},
  author={Zhou, Yuyin and Li, Zhe and Bai, Song and Wang, Chong and Chen, Xinlei and Han, Mei and Fishman, Elliot and Yuille, Alan L},
  booktitle={Proceedings of the IEEE/CVF international conference on computer vision},
  pages={10672--10681},
  year={2019}
}

@inproceedings{huang2020multi,
  title={Multi-organ segmentation via co-training weight-averaged models from few-organ datasets},
  author={Huang, Rui and Zheng, Yuanjie and Hu, Zhiqiang and Zhang, Shaoting and Li, Hongsheng},
  booktitle={Medical Image Computing and Computer Assisted Intervention--MICCAI 2020: 23rd International Conference, Lima, Peru, October 4--8, 2020, Proceedings, Part IV 23},
  pages={146--155},
  year={2020},
  organization={Springer}
}

@inproceedings{zhang2021dodnet,
  title={Dodnet: Learning to segment multi-organ and tumors from multiple partially labeled datasets},
  author={Zhang, Jianpeng and Xie, Yutong and Xia, Yong and Shen, Chunhua},
  booktitle={Proceedings of the IEEE/CVF conference on computer vision and pattern recognition},
  pages={1195--1204},
  year={2021}
}

@article{liu2023clip,
  title={CLIP-Driven Universal Model for Organ Segmentation and Tumor Detection},
  author={Liu, Jie and Zhang, Yixiao and Chen, Jie-Neng and Xiao, Junfei and Lu, Yongyi and Landman, Bennett A and Yuan, Yixuan and Yuille, Alan and Tang, Yucheng and Zhou, Zongwei},
  journal={arXiv preprint arXiv:2301.00785},
  year={2023}
}

@article{brown2020language,
  title={Language models are few-shot learners},
  author={Brown, Tom and Mann, Benjamin and Ryder, Nick and Subbiah, Melanie and Kaplan, Jared D and Dhariwal, Prafulla and Neelakantan, Arvind and Shyam, Pranav and Sastry, Girish and Askell, Amanda and others},
  journal={Advances in neural information processing systems},
  volume={33},
  pages={1877--1901},
  year={2020}
}

@inproceedings{zhao2021calibrate,
  title={Calibrate before use: Improving few-shot performance of language models},
  author={Zhao, Zihao and Wallace, Eric and Feng, Shi and Klein, Dan and Singh, Sameer},
  booktitle={International Conference on Machine Learning},
  pages={12697--12706},
  year={2021},
  organization={PMLR}
}

@article{liu2021makes,
  title={What Makes Good In-Context Examples for GPT-$3 $?},
  author={Liu, Jiachang and Shen, Dinghan and Zhang, Yizhe and Dolan, Bill and Carin, Lawrence and Chen, Weizhu},
  journal={arXiv preprint arXiv:2101.06804},
  year={2021}
}

@article{xie2021explanation,
  title={An explanation of in-context learning as implicit bayesian inference},
  author={Xie, Sang Michael and Raghunathan, Aditi and Liang, Percy and Ma, Tengyu},
  journal={arXiv preprint arXiv:2111.02080},
  year={2021}
}

@article{dai2022can,
  title={Why Can GPT Learn In-Context? Language Models Secretly Perform Gradient Descent as Meta Optimizers},
  author={Dai, Damai and Sun, Yutao and Dong, Li and Hao, Yaru and Sui, Zhifang and Wei, Furu},
  journal={arXiv preprint arXiv:2212.10559},
  year={2022}
}

@article{min2022rethinking,
  title={Rethinking the Role of Demonstrations: What Makes In-Context Learning Work?},
  author={Min, Sewon and Lyu, Xinxi and Holtzman, Ari and Artetxe, Mikel and Lewis, Mike and Hajishirzi, Hannaneh and Zettlemoyer, Luke},
  journal={arXiv preprint arXiv:2202.12837},
  year={2022}
}

@article{wang2022images,
  title={Images Speak in Images: A Generalist Painter for In-Context Visual Learning},
  author={Wang, Xinlong and Wang, Wen and Cao, Yue and Shen, Chunhua and Huang, Tiejun},
  journal={arXiv preprint arXiv:2212.02499},
  year={2022}
}

@article{min2021metaicl,
  title={Metaicl: Learning to learn in context},
  author={Min, Sewon and Lewis, Mike and Zettlemoyer, Luke and Hajishirzi, Hannaneh},
  journal={arXiv preprint arXiv:2110.15943},
  year={2021}
}

@inproceedings{jia2022visual,
  title={Visual prompt tuning},
  author={Jia, Menglin and Tang, Luming and Chen, Bor-Chun and Cardie, Claire and Belongie, Serge and Hariharan, Bharath and Lim, Ser-Nam},
  booktitle={Computer Vision--ECCV 2022: 17th European Conference, Tel Aviv, Israel, October 23--27, 2022, Proceedings, Part XXXIII},
  pages={709--727},
  year={2022},
  organization={Springer}
}

@article{zhang2021k,
  title={K-net: Towards unified image segmentation},
  author={Zhang, Wenwei and Pang, Jiangmiao and Chen, Kai and Loy, Chen Change},
  journal={Advances in Neural Information Processing Systems},
  volume={34},
  pages={10326--10338},
  year={2021}
}

@article{cheng2021per,
  title={Per-pixel classification is not all you need for semantic segmentation},
  author={Cheng, Bowen and Schwing, Alex and Kirillov, Alexander},
  journal={Advances in Neural Information Processing Systems},
  volume={34},
  pages={17864--17875},
  year={2021}
}

@inproceedings{cheng2022masked,
  title={Masked-attention mask transformer for universal image segmentation},
  author={Cheng, Bowen and Misra, Ishan and Schwing, Alexander G and Kirillov, Alexander and Girdhar, Rohit},
  booktitle={Proceedings of the IEEE/CVF Conference on Computer Vision and Pattern Recognition},
  pages={1290--1299},
  year={2022}
}

@misc{bcv,
   author = {Landman, Bennett and Xu, Zhoubing and Lgelsias, Juan and Styner, Martin and Langerak, Thomas and Klein Arno},
   title = {Multi-Atlas Labeling Beyond the Cranial Vault - Workshop and Challenge},
   url = {https://www.synapse.org/#!Synapse:syn3193805/wiki/217760},
    year={2020},
}

@misc{ivdm3seg,
   author = {
Guoyan, Zheng and Shuo, Li and Daniel, Belavy },
   title = {Automatic Intervertebral Disc Localization and Segmentation from 3D Multi-modality MR (M3) Images},
   url = {https://ivdm3seg.weebly.com/},
    year={2018},
}

@article{bilic2019liver,
  title={The liver tumor segmentation benchmark (lits)},
  author={Bilic, Patrick and Christ, Patrick Ferdinand and Vorontsov, Eugene and Chlebus, Grzegorz and Chen, Hao and Dou, Qi and Fu, Chi-Wing and Han, Xiao and Heng, Pheng-Ann and Hesser, J{\"u}rgen and others},
  journal={arXiv preprint arXiv:1901.04056},
  year={2019}
}

@article{heller2019kits19,
  title={The kits19 challenge data: 300 kidney tumor cases with clinical context, ct semantic segmentations, and surgical outcomes},
  author={Heller, Nicholas and Sathianathen, Niranjan and Kalapara, Arveen and Walczak, Edward and Moore, Keenan and Kaluzniak, Heather and Rosenberg, Joel and Blake, Paul and Rengel, Zachary and Oestreich, Makinna and others},
  journal={arXiv preprint arXiv:1904.00445},
  year={2019}
}

@article{ji2022amos,
  title={Amos: A large-scale abdominal multi-organ benchmark for versatile medical image segmentation},
  author={Ji, Yuanfeng and Bai, Haotian and Yang, Jie and Ge, Chongjian and Zhu, Ye and Zhang, Ruimao and Li, Zhen and Zhang, Lingyan and Ma, Wanling and Wan, Xiang and others},
  journal={arXiv preprint arXiv:2206.08023},
  year={2022}
}

@misc{structseg,
   author = {Li, Hongsheng and Zhou, Jinghao and Deng, Jincheng and Chen, Ming},
   title = {Automatic Structure Segmentation for Radiotherapy Planning Challenge 2019},
    year={2019},
}

@article{CHAOS2021,
  title = {{CHAOS Challenge - combined (CT-MR) healthy abdominal organ segmentation}},
  journal = {Medical Image Analysis},
  publisher= {Elsevier BV},
  volume = {69},
  pages = {101950},
  year = {2021},
  month = Apr,
  issn = {1361-8415},
  doi = {https://doi.org/10.1016/j.media.2020.101950},
  url = {http://www.sciencedirect.com/science/article/pii/S1361841520303145},
  author = {A. Emre Kavur and N. Sinem Gezer and Mustafa Barış and Sinem Aslan and Pierre-Henri Conze and Vladimir Groza and Duc Duy Pham and Soumick Chatterjee and Philipp Ernst and Savaş Özkan and Bora Baydar and Dmitry Lachinov and Shuo Han and Josef Pauli and Fabian Isensee and Matthias Perkonigg and Rachana Sathish and Ronnie Rajan and Debdoot Sheet and Gurbandurdy Dovletov and Oliver Speck and Andreas Nürnberger and Klaus H. Maier-Hein and Gözde {Bozdağı Akar} and Gözde Ünal and Oğuz Dicle and M. Alper Selver},
  keywords = {Segmentation, Challenge, Abdomen, Cross-modality},
}

@inproceedings{lambert2020segthor,
  title={Segthor: Segmentation of thoracic organs at risk in ct images},
  author={Lambert, Zo{\'e} and Petitjean, Caroline and Dubray, Bernard and Kuan, Su},
  booktitle={2020 Tenth International Conference on Image Processing Theory, Tools and Applications (IPTA)},
  pages={1--6},
  year={2020},
  organization={IEEE}
}

@article{antonelli2022medical,
  title={The medical segmentation decathlon},
  author={Antonelli, Michela and Reinke, Annika and Bakas, Spyridon and Farahani, Keyvan and Kopp-Schneider, Annette and Landman, Bennett A and Litjens, Geert and Menze, Bjoern and Ronneberger, Olaf and Summers, Ronald M and others},
  journal={Nature communications},
  volume={13},
  number={1},
  pages={4128},
  year={2022},
  publisher={Nature Publishing Group UK London}
}

@article{isensee2021nnu,
  title={nnU-Net: a self-configuring method for deep learning-based biomedical image segmentation},
  author={Isensee, Fabian and Jaeger, Paul F and Kohl, Simon AA and Petersen, Jens and Maier-Hein, Klaus H},
  journal={Nature methods},
  volume={18},
  number={2},
  pages={203--211},
  year={2021},
  publisher={Nature Publishing Group}
}

@inproceedings{hatamizadeh2022swin,
  title={Swin unetr: Swin transformers for semantic segmentation of brain tumors in mri images},
  author={Hatamizadeh, Ali and Nath, Vishwesh and Tang, Yucheng and Yang, Dong and Roth, Holger R and Xu, Daguang},
  booktitle={Brainlesion: Glioma, Multiple Sclerosis, Stroke and Traumatic Brain Injuries: 7th International Workshop, BrainLes 2021, Held in Conjunction with MICCAI 2021, Virtual Event, September 27, 2021, Revised Selected Papers, Part I},
  pages={272--284},
  year={2022},
  organization={Springer}
}

@article{gao2022data,
  title={A data-scalable transformer for medical image segmentation: architecture, model efficiency, and benchmark},
  author={Gao, Yunhe and Zhou, Mu and Liu, Di and Yan, Zhennan and Zhang, Shaoting and Metaxas, Dimitris N},
  journal={arXiv preprint arXiv:2203.00131},
  year={2022}
}

@article{kirillov2023segment,
  title={Segment anything},
  author={Kirillov, Alexander and Mintun, Eric and Ravi, Nikhila and Mao, Hanzi and Rolland, Chloe and Gustafson, Laura and Xiao, Tete and Whitehead, Spencer and Berg, Alexander C and Lo, Wan-Yen and others},
  journal={arXiv preprint arXiv:2304.02643},
  year={2023}
}

@inproceedings{caron2021emerging,
  title={Emerging properties in self-supervised vision transformers},
  author={Caron, Mathilde and Touvron, Hugo and Misra, Ishan and J{\'e}gou, Herv{\'e} and Mairal, Julien and Bojanowski, Piotr and Joulin, Armand},
  booktitle={Proceedings of the IEEE/CVF international conference on computer vision},
  pages={9650--9660},
  year={2021}
}

@article{dosovitskiy2020image,
  title={An image is worth 16x16 words: Transformers for image recognition at scale},
  author={Dosovitskiy, Alexey and Beyer, Lucas and Kolesnikov, Alexander and Weissenborn, Dirk and Zhai, Xiaohua and Unterthiner, Thomas and Dehghani, Mostafa and Minderer, Matthias and Heigold, Georg and Gelly, Sylvain and others},
  journal={arXiv preprint arXiv:2010.11929},
  year={2020}
}

@inproceedings{he2016deep,
  title={Deep residual learning for image recognition},
  author={He, Kaiming and Zhang, Xiangyu and Ren, Shaoqing and Sun, Jian},
  booktitle={Proceedings of the IEEE conference on computer vision and pattern recognition},
  pages={770--778},
  year={2016}
}


@article{ouyang2022training,
  title={Training language models to follow instructions with human feedback},
  author={Ouyang, Long and Wu, Jeffrey and Jiang, Xu and Almeida, Diogo and Wainwright, Carroll and Mishkin, Pamela and Zhang, Chong and Agarwal, Sandhini and Slama, Katarina and Ray, Alex and others},
  journal={Advances in Neural Information Processing Systems},
  volume={35},
  pages={27730--27744},
  year={2022}
}

@article{devlin2018bert,
  title={Bert: Pre-training of deep bidirectional transformers for language understanding},
  author={Devlin, Jacob and Chang, Ming-Wei and Lee, Kenton and Toutanova, Kristina},
  journal={arXiv preprint arXiv:1810.04805},
  year={2018}
}

@article{you2019large,
  title={Large batch optimization for deep learning: Training bert in 76 minutes},
  author={You, Yang and Li, Jing and Reddi, Sashank and Hseu, Jonathan and Kumar, Sanjiv and Bhojanapalli, Srinadh and Song, Xiaodan and Demmel, James and Keutzer, Kurt and Hsieh, Cho-Jui},
  journal={arXiv preprint arXiv:1904.00962},
  year={2019}
}

@article{ruder2017overview,
  title={An overview of multi-task learning in deep neural networks},
  author={Ruder, Sebastian},
  journal={arXiv preprint arXiv:1706.05098},
  year={2017}
}

@inproceedings{finn2017model,
  title={Model-agnostic meta-learning for fast adaptation of deep networks},
  author={Finn, Chelsea and Abbeel, Pieter and Levine, Sergey},
  booktitle={International conference on machine learning},
  pages={1126--1135},
  year={2017},
  organization={PMLR}
}


@article{he2023accuracy,
  title={Accuracy of Segment-Anything Model (SAM) in medical image segmentation tasks},
  author={He, Sheng and Bao, Rina and Li, Jingpeng and Grant, P Ellen and Ou, Yangming},
  journal={arXiv preprint arXiv:2304.09324},
  year={2023}
}



@inproceedings{he2022masked,
  title={Masked autoencoders are scalable vision learners},
  author={He, Kaiming and Chen, Xinlei and Xie, Saining and Li, Yanghao and Doll{\'a}r, Piotr and Girshick, Ross},
  booktitle={Proceedings of the IEEE/CVF Conference on Computer Vision and Pattern Recognition},
  pages={16000--16009},
  year={2022}
}

@article{tarvainen2017mean,
  title={Mean teachers are better role models: Weight-averaged consistency targets improve semi-supervised deep learning results},
  author={Tarvainen, Antti and Valpola, Harri},
  journal={Advances in neural information processing systems},
  volume={30},
  year={2017}
}

@article{sohn2020fixmatch,
  title={Fixmatch: Simplifying semi-supervised learning with consistency and confidence},
  author={Sohn, Kihyuk and Berthelot, David and Carlini, Nicholas and Zhang, Zizhao and Zhang, Han and Raffel, Colin A and Cubuk, Ekin Dogus and Kurakin, Alexey and Li, Chun-Liang},
  journal={Advances in neural information processing systems},
  volume={33},
  pages={596--608},
  year={2020}
}

@inproceedings{lin2017feature,
  title={Feature pyramid networks for object detection},
  author={Lin, Tsung-Yi and Doll{\'a}r, Piotr and Girshick, Ross and He, Kaiming and Hariharan, Bharath and Belongie, Serge},
  booktitle={Proceedings of the IEEE conference on computer vision and pattern recognition},
  pages={2117--2125},
  year={2017}
}

@inproceedings{chen2018encoder,
  title={Encoder-decoder with atrous separable convolution for semantic image segmentation},
  author={Chen, Liang-Chieh and Zhu, Yukun and Papandreou, George and Schroff, Florian and Adam, Hartwig},
  booktitle={Proceedings of the European conference on computer vision (ECCV)},
  pages={801--818},
  year={2018}
}

@article{chen2019med3d,
  title={Med3d: Transfer learning for 3d medical image analysis},
  author={Chen, Sihong and Ma, Kai and Zheng, Yefeng},
  journal={arXiv preprint arXiv:1904.00625},
  year={2019}
}


@inproceedings{liu2021swin,
  title={Swin transformer: Hierarchical vision transformer using shifted windows},
  author={Liu, Ze and Lin, Yutong and Cao, Yue and Hu, Han and Wei, Yixuan and Zhang, Zheng and Lin, Stephen and Guo, Baining},
  booktitle={Proceedings of the IEEE/CVF international conference on computer vision},
  pages={10012--10022},
  year={2021}
}

@article{de2018clinically,
  title={Clinically applicable deep learning for diagnosis and referral in retinal disease},
  author={De Fauw, Jeffrey and Ledsam, Joseph R and Romera-Paredes, Bernardino and Nikolov, Stanislav and Tomasev, Nenad and Blackwell, Sam and Askham, Harry and Glorot, Xavier and O’Donoghue, Brendan and Visentin, Daniel and others},
  journal={Nature medicine},
  volume={24},
  number={9},
  pages={1342--1350},
  year={2018},
  publisher={Nature Publishing Group}
}

@inproceedings{shen2015multi,
  title={Multi-scale convolutional neural networks for lung nodule classification},
  author={Shen, Wei and Zhou, Mu and Yang, Feng and Yang, Caiyun and Tian, Jie},
  booktitle={Information Processing in Medical Imaging: 24th International Conference, IPMI 2015, Sabhal Mor Ostaig, Isle of Skye, UK, June 28-July 3, 2015, Proceedings 24},
  pages={588--599},
  year={2015},
  organization={Springer}
}

@article{nestle2005comparison,
  title={Comparison of different methods for delineation of 18F-FDG PET--positive tissue for target volume definition in radiotherapy of patients with non--small cell lung cancer},
  author={Nestle, Ursula and Kremp, Stephanie and Schaefer-Schuler, Andrea and Sebastian-Welsch, Christiane and Hellwig, Dirk and R{\"u}be, Christian and Kirsch, Carl-Martin},
  journal={Journal of nuclear medicine},
  volume={46},
  number={8},
  pages={1342--1348},
  year={2005},
  publisher={Soc Nuclear Med}
}

@article{gao2021focusnetv2,
  title={FocusNetv2: Imbalanced large and small organ segmentation with adversarial shape constraint for head and neck CT images},
  author={Gao, Yunhe and Huang, Rui and Yang, Yiwei and Zhang, Jie and Shao, Kainan and Tao, Changjuan and Chen, Yuanyuan and Metaxas, Dimitris N and Li, Hongsheng and Chen, Ming},
  journal={Medical Image Analysis},
  volume={67},
  pages={101831},
  year={2021},
  publisher={Elsevier}
}

@article{razzak2018deep,
  title={Deep learning for medical image processing: Overview, challenges and the future},
  author={Razzak, Muhammad Imran and Naz, Saeeda and Zaib, Ahmad},
  journal={Classification in BioApps: Automation of Decision Making},
  pages={323--350},
  year={2018},
  publisher={Springer}
}

@inproceedings{ronneberger2015u,
  title={U-net: Convolutional networks for biomedical image segmentation},
  author={Ronneberger, Olaf and Fischer, Philipp and Brox, Thomas},
  booktitle={Medical Image Computing and Computer-Assisted Intervention--MICCAI 2015: 18th International Conference, Munich, Germany, October 5-9, 2015, Proceedings, Part III 18},
  pages={234--241},
  year={2015},
  organization={Springer}
}

@book{netter2014atlas,
  title={Atlas of human anatomy, Professional Edition E-Book: including NetterReference. com Access with full downloadable image Bank},
  author={Netter, Frank H},
  year={2014},
  publisher={Elsevier health sciences}
}

@article{brant2012fundamentals,
  title={Fundamentals of diagnostic radiology},
  author={Brant, William E and Helms, Clyde A},
  year={2012},
  publisher={Lippincott Williams \& Wilkins}
}

@article{raghu2019transfusion,
  title={Transfusion: Understanding transfer learning for medical imaging},
  author={Raghu, Maithra and Zhang, Chiyuan and Kleinberg, Jon and Bengio, Samy},
  journal={Advances in neural information processing systems},
  volume={32},
  year={2019}
}

@inproceedings{gao2021utnet,
  title={UTNet: a hybrid transformer architecture for medical image segmentation},
  author={Gao, Yunhe and Zhou, Mu and Metaxas, Dimitris N},
  booktitle={Medical Image Computing and Computer Assisted Intervention--MICCAI 2021: 24th International Conference, Strasbourg, France, September 27--October 1, 2021, Proceedings, Part III 24},
  pages={61--71},
  year={2021},
  organization={Springer}
}

@inproceedings{gao2019focusnet,
  title={Focusnet: Imbalanced large and small organ segmentation with an end-to-end deep neural network for head and neck ct images},
  author={Gao, Yunhe and Huang, Rui and Chen, Ming and Wang, Zhe and Deng, Jincheng and Chen, Yuanyuan and Yang, Yiwei and Zhang, Jie and Tao, Chanjuan and Li, Hongsheng},
  booktitle={Medical Image Computing and Computer Assisted Intervention--MICCAI 2019: 22nd International Conference, Shenzhen, China, October 13--17, 2019, Proceedings, Part III 22},
  pages={829--838},
  year={2019},
  organization={Springer}
}

@misc{acgme2022,
  author = {},
  title = {ACGME Program Requirements for Graduate Medical Education in Diagnostic Radiology},
  year = {2022},
  howpublished = {Online},
  url = {Uhttps://www.acgme.org/globalassets/pfassets/programrequirements/420_diagnosticradiology_2022.pdf},
  note = {Accessed: 2023/11/08}
}

@misc{acgme2023number,
  author = {},
  title = {Diagnostic Radiology Case Log Categories and Required Minimum Numbers Review Committee for Radiology},
  year = {2023},
  howpublished = {Online},
  url = {https://www.acgme.org/globalassets/pfassets/programresources/dr_case_log_categories.pdf},
  note = {Accessed: 2023/11/08}
}

@article{sarkany2018running,
  title={Running a radiology residency program: strategies for success},
  author={Sarkany, David S and Shenoy-Bhangle, Anuradha S and Catanzano, Tara M and Fineberg, Tabitha A and Eisenberg, Ronald L and Slanetz, Priscilla J},
  journal={Radiographics},
  volume={38},
  number={6},
  pages={1729--1743},
  year={2018},
  publisher={Radiological Society of North America}
}

@article{campello2021multi,
  title={Multi-centre, multi-vendor and multi-disease cardiac segmentation: the M\&Ms challenge},
  author={Campello, Victor M and Gkontra, Polyxeni and Izquierdo, Cristian and Martin-Isla, Carlos and Sojoudi, Alireza and Full, Peter M and Maier-Hein, Klaus and Zhang, Yao and He, Zhiqiang and Ma, Jun and others},
  journal={IEEE Transactions on Medical Imaging},
  volume={40},
  number={12},
  pages={3543--3554},
  year={2021},
  publisher={IEEE}
}

@article{rodrigue2012beta,
  title={$\beta$-Amyloid burden in healthy aging: regional distribution and cognitive consequences},
  author={Rodrigue, KM and Kennedy, KM and Devous, MD and Rieck, JR and Hebrank, AC and Diaz-Arrastia, R and Mathews, D and Park, DC},
  journal={Neurology},
  volume={78},
  number={6},
  pages={387--395},
  year={2012},
  publisher={AAN Enterprises}
}

@article{gatidis2022whole,
  title={A whole-body FDG-PET/CT Dataset with manually annotated Tumor Lesions},
  author={Gatidis, Sergios and Hepp, Tobias and Fr{\"u}h, Marcel and La Foug{\`e}re, Christian and Nikolaou, Konstantin and Pfannenberg, Christina and Sch{\"o}lkopf, Bernhard and K{\"u}stner, Thomas and Cyran, Clemens and Rubin, Daniel},
  journal={Scientific Data},
  volume={9},
  number={1},
  pages={601},
  year={2022},
  publisher={Nature Publishing Group UK London}
}

@book{scanlon2018essentials,
  title={Essentials of anatomy and physiology},
  author={Scanlon, Valerie C and Sanders, Tina},
  year={2018},
  publisher={FA Davis}
}

@article{hussain2022modern,
  title={Modern diagnostic imaging technique applications and risk factors in the medical field: A review},
  author={Hussain, Shah and Mubeen, Iqra and Ullah, Niamat and Shah, Syed Shahab Ud Din and Khan, Bakhtawar Abduljalil and Zahoor, Muhammad and Ullah, Riaz and Khan, Farhat Ali and Sultan, Mujeeb A},
  journal={BioMed Research International},
  volume={2022},
  year={2022},
  publisher={Hindawi}
}

@book{bankman2008handbook,
  title={Handbook of medical image processing and analysis},
  author={Bankman, Isaac},
  year={2008},
  publisher={Elsevier}
}

@article{ye2023uniseg,
  title={UniSeg: A Prompt-driven Universal Segmentation Model as well as A Strong Representation Learner},
  author={Ye, Yiwen and Xie, Yutong and Zhang, Jianpeng and Chen, Ziyang and Xia, Yong},
  journal={arXiv preprint arXiv:2304.03493},
  year={2023}
}

@article{cootes1995active,
  title={Active shape models-their training and application},
  author={Cootes, Timothy F and Taylor, Christopher J and Cooper, David H and Graham, Jim},
  journal={Computer vision and image understanding},
  volume={61},
  number={1},
  pages={38--59},
  year={1995},
  publisher={Elsevier}
}

@article{cabezas2011review,
  title={A review of atlas-based segmentation for magnetic resonance brain images},
  author={Cabezas, Mariano and Oliver, Arnau and Llad{\'o}, Xavier and Freixenet, Jordi and Cuadra, Meritxell Bach},
  journal={Computer methods and programs in biomedicine},
  volume={104},
  number={3},
  pages={e158--e177},
  year={2011},
  publisher={Elsevier}
}

@article{iglesias2015multi,
  title={Multi-atlas segmentation of biomedical images: a survey},
  author={Iglesias, Juan Eugenio and Sabuncu, Mert R},
  journal={Medical image analysis},
  volume={24},
  number={1},
  pages={205--219},
  year={2015},
  publisher={Elsevier}
}

@article{kamnitsas2017efficient,
  title={Efficient multi-scale 3D CNN with fully connected CRF for accurate brain lesion segmentation},
  author={Kamnitsas, Konstantinos and Ledig, Christian and Newcombe, Virginia FJ and Simpson, Joanna P and Kane, Andrew D and Menon, David K and Rueckert, Daniel and Glocker, Ben},
  journal={Medical image analysis},
  volume={36},
  pages={61--78},
  year={2017},
  publisher={Elsevier}
}

@article{oktay2017anatomically,
  title={Anatomically constrained neural networks (ACNNs): application to cardiac image enhancement and segmentation},
  author={Oktay, Ozan and Ferrante, Enzo and Kamnitsas, Konstantinos and Heinrich, Mattias and Bai, Wenjia and Caballero, Jose and Cook, Stuart A and De Marvao, Antonio and Dawes, Timothy and O‘Regan, Declan P and others},
  journal={IEEE transactions on medical imaging},
  volume={37},
  number={2},
  pages={384--395},
  year={2017},
  publisher={IEEE}
}

@inproceedings{ye2022desd,
  title={DeSD: Self-Supervised Learning with Deep Self-Distillation for 3D Medical Image Segmentation},
  author={Ye, Yiwen and Zhang, Jianpeng and Chen, Ziyang and Xia, Yong},
  booktitle={International Conference on Medical Image Computing and Computer-Assisted Intervention},
  pages={545--555},
  year={2022},
  organization={Springer}
}

@inproceedings{xie2022unimiss,
  title={Unimiss: Universal medical self-supervised learning via breaking dimensionality barrier},
  author={Xie, Yutong and Zhang, Jianpeng and Xia, Yong and Wu, Qi},
  booktitle={European Conference on Computer Vision},
  pages={558--575},
  year={2022},
  organization={Springer}
}

@article{kaplan2020scaling,
  title={Scaling laws for neural language models},
  author={Kaplan, Jared and McCandlish, Sam and Henighan, Tom and Brown, Tom B and Chess, Benjamin and Child, Rewon and Gray, Scott and Radford, Alec and Wu, Jeffrey and Amodei, Dario},
  journal={arXiv preprint arXiv:2001.08361},
  year={2020}
}

@article{rao2022improving,
  title={Improving across-dataset brain tissue segmentation for MRI imaging using transformer},
  author={Rao, Vishwanatha M and Wan, Zihan and Arabshahi, Soroush and Ma, David J and Lee, Pin-Yu and Tian, Ye and Zhang, Xuzhe and Laine, Andrew F and Guo, Jia},
  journal={Frontiers in Neuroimaging},
  volume={1},
  pages={1023481},
  year={2022},
  publisher={Frontiers}
}

@inproceedings{ulrich2023multitalent,
  title={Multitalent: A multi-dataset approach to medical image segmentation},
  author={Ulrich, Constantin and Isensee, Fabian and Wald, Tassilo and Zenk, Maximilian and Baumgartner, Michael and Maier-Hein, Klaus H},
  booktitle={International Conference on Medical Image Computing and Computer-Assisted Intervention},
  pages={648--658},
  year={2023},
  organization={Springer}
}


@article{chen2019vertebrae,
  title={Vertebrae identification and localization utilizing fully convolutional networks and a hidden Markov model},
  author={Chen, Yizhi and Gao, Yunhe and Li, Kang and Zhao, Liang and Zhao, Jun},
  journal={IEEE Transactions on Medical Imaging},
  volume={39},
  number={2},
  pages={387--399},
  year={2019},
  publisher={IEEE}
}

@inproceedings{liu2022transfusion,
  title={Transfusion: multi-view divergent fusion for medical image segmentation with transformers},
  author={Liu, Di and Gao, Yunhe and Zhangli, Qilong and Han, Ligong and He, Xiaoxiao and Xia, Zhaoyang and Wen, Song and Chang, Qi and Yan, Zhennan and Zhou, Mu and others},
  booktitle={International Conference on Medical Image Computing and Computer-Assisted Intervention},
  pages={485--495},
  year={2022},
  organization={Springer}
}

@inproceedings{zhangli2022region,
  title={Region proposal rectification towards robust instance segmentation of biological images},
  author={Zhangli, Qilong and Yi, Jingru and Liu, Di and He, Xiaoxiao and Xia, Zhaoyang and Chang, Qi and Han, Ligong and Gao, Yunhe and Wen, Song and Tang, Haiming and others},
  booktitle={International Conference on Medical Image Computing and Computer-Assisted Intervention},
  pages={129--139},
  year={2022},
  organization={Springer}
}

@inproceedings{chang2022deeprecon,
  title={Deeprecon: Joint 2d cardiac segmentation and 3d volume reconstruction via a structure-specific generative method},
  author={Chang, Qi and Yan, Zhennan and Zhou, Mu and Liu, Di and Sawalha, Khalid and Ye, Meng and Zhangli, Qilong and Kanski, Mikael and Al’Aref, Subhi and Axel, Leon and others},
  booktitle={International Conference on Medical Image Computing and Computer-Assisted Intervention},
  pages={567--577},
  year={2022},
  organization={Springer}
}

@inproceedings{gao2019multi,
  title={Multi-resolution path cnn with deep supervision for intervertebral disc localization and segmentation},
  author={Gao, Yunhe and Liu, Chang and Zhao, Liang},
  booktitle={Medical Image Computing and Computer Assisted Intervention--MICCAI 2019: 22nd International Conference, Shenzhen, China, October 13--17, 2019, Proceedings, Part II 22},
  pages={309--317},
  year={2019},
  organization={Springer}
}

@inproceedings{gao2021enabling,
  title={Enabling data diversity: efficient automatic augmentation via regularized adversarial training},
  author={Gao, Yunhe and Tang, Zhiqiang and Zhou, Mu and Metaxas, Dimitris},
  booktitle={International Conference on Information Processing in Medical Imaging},
  pages={85--97},
  year={2021},
  organization={Springer}
}

@article{liu2021review,
  title={A review of deep-learning-based medical image segmentation methods},
  author={Liu, Xiangbin and Song, Liping and Liu, Shuai and Zhang, Yudong},
  journal={Sustainability},
  volume={13},
  number={3},
  pages={1224},
  year={2021},
  publisher={MDPI}
}

@article{wang2022medical,
  title={Medical image segmentation using deep learning: A survey},
  author={Wang, Risheng and Lei, Tao and Cui, Ruixia and Zhang, Bingtao and Meng, Hongying and Nandi, Asoke K},
  journal={IET image processing},
  volume={16},
  number={5},
  pages={1243--1267},
  year={2022},
  publisher={Wiley Online Library}
}

@article{yoon2023domain,
  title={Domain generalization for medical image analysis: A survey},
  author={Yoon, Jee Seok and Oh, Kwanseok and Shin, Yooseung and Mazurowski, Maciej A and Suk, Heung-Il},
  journal={arXiv preprint arXiv:2310.08598},
  year={2023}
}

@article{niu2024survey,
  title={A Survey on Domain Generalization for Medical Image Analysis},
  author={Niu, Ziwei and Ouyang, Shuyi and Xie, Shiao and Chen, Yen-wei and Lin, Lanfen},
  journal={arXiv preprint arXiv:2402.05035},
  year={2024}
}

@article{zhou2022domain,
  title={Domain generalization: A survey},
  author={Zhou, Kaiyang and Liu, Ziwei and Qiao, Yu and Xiang, Tao and Loy, Chen Change},
  journal={IEEE Transactions on Pattern Analysis and Machine Intelligence},
  volume={45},
  number={4},
  pages={4396--4415},
  year={2022},
  publisher={IEEE}
}

@inproceedings{zhang2023continual,
  title={Continual learning for abdominal multi-organ and tumor segmentation},
  author={Zhang, Yixiao and Li, Xinyi and Chen, Huimiao and Yuille, Alan L and Liu, Yaoyao and Zhou, Zongwei},
  booktitle={International conference on medical image computing and computer-assisted intervention},
  pages={35--45},
  year={2023},
  organization={Springer}
}



@article{cheng2023sam,
  title={Sam-med2d},
  author={Cheng, Junlong and Ye, Jin and Deng, Zhongying and Chen, Jianpin and Li, Tianbin and Wang, Haoyu and Su, Yanzhou and Huang, Ziyan and Chen, Jilong and Jiang, Lei and others},
  journal={arXiv preprint arXiv:2308.16184},
  year={2023}
}

@article{wang2024sam,
  title={Sam-med3d: towards general-purpose segmentation models for volumetric medical images},
  author={Wang, H and others},
  journal={Preprint at https://arxiv. org/abs/2310.15161},
  year={2024}
}

@article{ma2024segment,
  title={Segment anything in medical images},
  author={Ma, Jun and He, Yuting and Li, Feifei and Han, Lin and You, Chenyu and Wang, Bo},
  journal={Nature Communications},
  volume={15},
  number={1},
  pages={654},
  year={2024},
  publisher={Nature Publishing Group UK London}
}

@article{xie2023learning,
  title={Learning from partially labeled data for multi-organ and tumor segmentation},
  author={Xie, Yutong and Zhang, Jianpeng and Xia, Yong and Shen, Chunhua},
  journal={IEEE Transactions on Pattern Analysis and Machine Intelligence},
  year={2023},
  publisher={IEEE}
}

@inproceedings{gao2024training,
  title={Training Like a Medical Resident: Context-Prior Learning Toward Universal Medical Image Segmentation},
  author={Gao, Yunhe},
  booktitle={Proceedings of the IEEE/CVF Conference on Computer Vision and Pattern Recognition},
  pages={11194--11204},
  year={2024}
}

@article{ye2024meduniseg,
  title={MedUniSeg: 2D and 3D Medical Image Segmentation via a Prompt-driven Universal Model},
  author={Ye, Yiwen and Chen, Ziyang and Zhang, Jianpeng and Xie, Yutong and Xia, Yong},
  journal={arXiv preprint arXiv:2410.05905},
  year={2024}
}

@inproceedings{wang2023images,
  title={Images speak in images: A generalist painter for in-context visual learning},
  author={Wang, Xinlong and Wang, Wen and Cao, Yue and Shen, Chunhua and Huang, Tiejun},
  booktitle={Proceedings of the IEEE/CVF Conference on Computer Vision and Pattern Recognition},
  pages={6830--6839},
  year={2023}
}

@article{wang2023seggpt,
  title={Seggpt: Segmenting everything in context},
  author={Wang, Xinlong and Zhang, Xiaosong and Cao, Yue and Wang, Wen and Shen, Chunhua and Huang, Tiejun},
  journal={arXiv preprint arXiv:2304.03284},
  year={2023}
}


@article{liu2023matcher,
  title={Matcher: Segment anything with one shot using all-purpose feature matching},
  author={Liu, Yang and Zhu, Muzhi and Li, Hengtao and Chen, Hao and Wang, Xinlong and Shen, Chunhua},
  journal={arXiv preprint arXiv:2305.13310},
  year={2023}
}

@article{zhang2023personalize,
  title={Personalize segment anything model with one shot},
  author={Zhang, Renrui and Jiang, Zhengkai and Guo, Ziyu and Yan, Shilin and Pan, Junting and Ma, Xianzheng and Dong, Hao and Gao, Peng and Li, Hongsheng},
  journal={arXiv preprint arXiv:2305.03048},
  year={2023}
}

@inproceedings{butoi2023universeg,
  title={Universeg: Universal medical image segmentation},
  author={Butoi, Victor Ion and Ortiz, Jose Javier Gonzalez and Ma, Tianyu and Sabuncu, Mert R and Guttag, John and Dalca, Adrian V},
  booktitle={Proceedings of the IEEE/CVF International Conference on Computer Vision},
  pages={21438--21451},
  year={2023}
}
@inproceedings{rakic2024tyche,
  title={Tyche: Stochastic In-Context Learning for Medical Image Segmentation},
  author={Rakic, Marianne and Wong, Hallee E and Ortiz, Jose Javier Gonzalez and Cimini, Beth A and Guttag, John V and Dalca, Adrian V},
  booktitle={Proceedings of the IEEE/CVF Conference on Computer Vision and Pattern Recognition},
  pages={11159--11173},
  year={2024}
}

@inproceedings{sun2024vrp,
  title={VRP-SAM: SAM with visual reference prompt},
  author={Sun, Yanpeng and Chen, Jiahui and Zhang, Shan and Zhang, Xinyu and Chen, Qiang and Zhang, Gang and Ding, Errui and Wang, Jingdong and Li, Zechao},
  booktitle={Proceedings of the IEEE/CVF Conference on Computer Vision and Pattern Recognition},
  pages={23565--23574},
  year={2024}
}

@inproceedings{meng2024segic,
  title={SegIC: Unleashing the Emergent Correspondence for In-Context Segmentation},
  author={Meng, Lingchen and Lan, Shiyi and Li, Hengduo and Alvarez, Jose M and Wu, Zuxuan and Jiang, Yu-Gang},
  booktitle={European Conference on Computer Vision},
  pages={203--220},
  year={2024},
  organization={Springer}
}

@inproceedings{shi2016real,
  title={Real-time single image and video super-resolution using an efficient sub-pixel convolutional neural network},
  author={Shi, Wenzhe and Caballero, Jose and Husz{\'a}r, Ferenc and Totz, Johannes and Aitken, Andrew P and Bishop, Rob and Rueckert, Daniel and Wang, Zehan},
  booktitle={Proceedings of the IEEE conference on computer vision and pattern recognition},
  pages={1874--1883},
  year={2016}
}
@article{bernard2018deep,
  title={Deep learning techniques for automatic MRI cardiac multi-structures segmentation and diagnosis: is the problem solved?},
  author={Bernard, Olivier and Lalande, Alain and Zotti, Clement and Cervenansky, Frederick and Yang, Xin and Heng, Pheng-Ann and Cetin, Irem and Lekadir, Karim and Camara, Oscar and Ballester, Miguel Angel Gonzalez and others},
  journal={IEEE transactions on medical imaging},
  volume={37},
  number={11},
  pages={2514--2525},
  year={2018},
  publisher={ieee}
}

@article{liu2021deep,
  title={Deep learning to segment pelvic bones: large-scale CT datasets and baseline models},
  author={Liu, Pengbo and Han, Hu and Du, Yuanqi and Zhu, Heqin and Li, Yinhao and Gu, Feng and Xiao, Honghu and Li, Jun and Zhao, Chunpeng and Xiao, Li and others},
  journal={International Journal of Computer Assisted Radiology and Surgery},
  volume={16},
  pages={749--756},
  year={2021},
  publisher={Springer}
}

@article{zhang2023makes,
  title={What makes good examples for visual in-context learning?},
  author={Zhang, Yuanhan and Zhou, Kaiyang and Liu, Ziwei},
  journal={Advances in Neural Information Processing Systems},
  volume={36},
  pages={17773--17794},
  year={2023}
}

@inproceedings{liu2021refined,
  title={Refined deep layer aggregation for multi-disease, multi-view \& multi-center cardiac MR segmentation},
  author={Liu, Di and Yan, Zhennan and Chang, Qi and Axel, Leon and Metaxas, Dimitris N},
  booktitle={International Workshop on Statistical Atlases and Computational Models of the Heart},
  pages={315--322},
  year={2021},
  organization={Springer}
}



@inproceedings{he2023dealing,
  title={Dealing with heterogeneous 3d mr knee images: A federated few-shot learning method with dual knowledge distillation},
  author={He, Xiaoxiao and Tan, Chaowei and Liu, Bo and Si, Liping and Yao, Weiwu and Zhao, Liang and Liu, Di and Zhangli, Qilong and Chang, Qi and Li, Kang and others},
  booktitle={2023 IEEE 20th International Symposium on Biomedical Imaging (ISBI)},
  pages={1--5},
  year={2023},
  organization={IEEE}
}
@inproceedings{liu2021label,
  title={Label super resolution for 3d magnetic resonance images using deformable u-net},
  author={Liu, Di and Liu, Jiang and Liu, Yihao and Tao, Ran and Prince, Jerry L and Carass, Aaron},
  booktitle={Medical Imaging 2021: Image Processing},
  volume={11596},
  pages={606--611},
  year={2021},
  organization={SPIE}
}

@article{martin2023deep,
  title={Deep learning segmentation of the right ventricle in cardiac MRI: the M\&Ms challenge},
  author={Mart{\'\i}n-Isla, Carlos and Campello, V{\'\i}ctor M and Izquierdo, Cristian and Kushibar, Kaisar and Sendra-Balcells, Carla and Gkontra, Polyxeni and Sojoudi, Alireza and Fulton, Mitchell J and Arega, Tewodros Weldebirhan and Punithakumar, Kumaradevan and others},
  journal={IEEE Journal of Biomedical and Health Informatics},
  volume={27},
  number={7},
  pages={3302--3313},
  year={2023},
  publisher={IEEE}
}

@inproceedings{czolbe2023neuralizer,
  title={Neuralizer: General neuroimage analysis without re-training},
  author={Czolbe, Steffen and Dalca, Adrian V},
  booktitle={Proceedings of the IEEE/CVF Conference on Computer Vision and Pattern Recognition},
  pages={6217--6230},
  year={2023}
}


